@inproceedings{
pyarelal2023the,
title={The To{MCAT} Dataset},
author={Adarsh Pyarelal and Eric Duong and Caleb Jones Shibu and Paulo Soares and Savannah Boyd and Payal Khosla and Valeria Pfeifer and Diheng Zhang and Eric S Andrews and Rick Champlin and Vincent Paul Raymond and Meghavarshini Krishnaswamy and Clayton Morrison and Emily Butler and Kobus Barnard},
booktitle={Thirty-seventh Conference on Neural Information Processing Systems Datasets and Benchmarks Track},
year={2023},
url={https://openreview.net/forum?id=ZJWQfgXQb6}
}

@online{stanfordcs229,
    title={Stanford CS 229: Machine Learning},
    url={https://cs229.stanford.edu}
}

@online{heilmeier,
    title={The Heilmeier Catechism},
    url={https://www.darpa.mil/work-with-us/heilmeier-catechism}
}

@ARTICLE{7735,
  author={Bernard, J.A.},
  journal={IEEE Control Systems Magazine}, 
  title={Use of a rule-based system for process control}, 
  year={1988},
  volume={8},
  number={5},
  pages={3-13},
  keywords={Knowledge based systems;Process control;Inductors;Automatic control;Digital control;Fuzzy logic;Steady-state;Knowledge engineering;Power engineering and energy;Testing},
  doi={10.1109/37.7735}}

@inproceedings{c2,
  title={A probabilistic interpretation of precision, recall and F-score, with implication for evaluation},
  author={Goutte, Cyril and Gaussier, Eric},
  booktitle={European conference on information retrieval},
  pages={345--359},
  year={2005},
  organization={Springer}
}

@article{c3,
  title={Credit card fraud and detection techniques: a review},
  author={Delamaire, Linda and Abdou, HAH and Pointon, John},
  journal={Banks and Bank systems},
  volume={4},
  number={2},
  year={2009}
}

@article{SVM,
  title={Applications of support vector machine (SVM) learning in cancer genomics},
  author={Huang, Shujun and Cai, Nianguang and Pacheco, Pedro Penzuti and Narrandes, Shavira and Wang, Yang and Xu, Wayne},
  journal={Cancer genomics \& proteomics},
  volume={15},
  number={1},
  pages={41--51},
  year={2018},
  publisher={International Institute of Anticancer Research}
}

@inproceedings{IF,
  title={Isolation forest},
  author={Liu, Fei Tony and Ting, Kai Ming and Zhou, Zhi-Hua},
  booktitle={2008 eighth ieee international conference on data mining},
  pages={413--422},
  year={2008},
  organization={IEEE}
}

@inproceedings{ccc,
  title={Credit card fraud detection with a neural-network},
  author={Ghosh, Sushmito and Reilly, Douglas L},
  booktitle={System Sciences, 1994. Proceedings of the Twenty-Seventh Hawaii International Conference on},
  volume={3},
  pages={621--630},
  year={1994},
  organization={IEEE}
}

@misc{dataset,
  author = {Gabriel Preda},
  title = {Credit Card Fraud Detection Predictive Models},
  year = {2017},
  howpublished = {Kaggle},
  url = {https://www.kaggle.com/mlg-ulb/creditcardfraud},
}

@article{rnd1,
  title={Addressing Class Imbalance in Fraud Detection: A Comparative Study},
  author={Zheng, Jia and Li, Wei and Zhang, Ming and Wang, Qian and Liu, Tao},
  journal={Journal of Financial Security},
  volume={15},
  number={2},
  pages={45--62},
  year={2020},
  publisher={Springer}
}

@article{rnd2,
  title={Strategies for Enhancing Fraud Detection Models},
  author={Smith, John and Johnson, Emily and Anderson, David},
  journal={Journal of Financial Security},
  volume={20},
  number={3},
  pages={75--88},
  year={2020},
  publisher={Springer}
}

@inproceedings{fraud1,
  title={Understanding fraudulent activities in online ad exchanges},
  author={Stone-Gross, Brett and Stevens, Ryan and Zarras, Apostolis and Kemmerer, Richard and Kruegel, Chris and Vigna, Giovanni},
  booktitle={Proceedings of the 2011 ACM SIGCOMM conference on Internet measurement conference},
  pages={279--294},
  year={2011}
}

@misc{SVMdef,
  title = {Introduction to Support Vector Machines (SVM)},
  author = {Alokesh, 985},
  year = {2023},
  url = {https://www.geeksforgeeks.org/introduction-to-support-vector-machines-svm/},
  urldate = {2024-04-28}
}


